%% This BibTeX bibliography file was created using BibDesk.
%% http://bibdesk.sourceforge.net/


%% Created for Timon HÃ¶bert at 2013-09-17 18:57:14 +0200


%% Saved with string encoding Unicode (UTF-8)

@misc{rmi-tutorial,
    author = {UML diagram of the observer pattern},
    title  = {Wiki Solved},
    howpublished =  "\url{https://commons.wikimedia.org/wiki/File:Observer.svg}",
}
